% pixi
@software{Arts_pixi,
author = {Arts, Ruben and Zalmstra, Bas and Vollprecht, Wolf and de Jager, Tim and Morcotilo, Nichita and Hofer, Julian},
license = {BSD-3-Clause},
title = {{pixi}},
url = {https://github.com/prefix-dev/pixi/releases/tag/v0.40.1}
}

# PyPI
@misc{PyPI_website,
  title        = "{The Python Package Index (PyPI)}",
  howpublished = "\url{https://pypi.org/}",
}

# conda-forge
@software{conda-forge_community,
author = {{conda-forge community}},
doi = {10.5281/zenodo.4774216},
license = {BSD-3-Clause},
month = jul,
title = {{The conda-forge Project: Community-based Software Distribution Built on the conda Package Format and Ecosystem}},
url = {https://doi.org/10.5281/zenodo.4774216},
year = {2015}
}

# SciPy 2025
@misc{scipy-2025,
  title        = "{SciPy 2025}",
  howpublished = "\url{https://www.scipy2025.scipy.org/}",
  month        = "July",
  year         = "2025",
}

@misc{uwmadison_dsi,
  title        = "{University of Wisconsin--Madison Data Science Institute}",
  howpublished = "\url{https://hub.datascience.wisc.edu/}",
}

@misc{data_science_hub,
  title        = "{University of Wisconsin--Madison Data Science Hub}",
  howpublished = "\url{https://hub.datascience.wisc.edu/}",
}

@misc{the_carpentries_org,
  title        = "{The Carpentries}",
  howpublished = "\url{https://carpentries.org/}",
}

@misc{carpentries_incubator_proposals,
  title        = "{The Carpentries Incubator Proposals}",
  howpublished = "\url{https://github.com/carpentries-incubator/proposals}",
}

@misc{carpentries_lab,
  title        = "{The Carpentries Lab}",
  howpublished = "\url{https://github.com/carpentries-lab/reviews/}",
}

@software{backhaus_2024_14360351,
  author       = {Backhaus, Ann and
                  Becker, Erin and
                  Bellini Saibene, Yanina and
                  Brooks-Kieffer, Jamene and
                  Companjen, Ben and
                  Curty, Renata and
                  Davey, Rob and
                  Hertweck, Kate and
                  Hodges, Toby and
                  Kamvar, Zhian and
                  Khan, Bashar Jaan and
                  Kohrt, Florian and
                  Kuzak, Mateusz and
                  McClatchy, Susan and
                  Michonneau, Fran√ßois and
                  Nenadic, Aleksandra and
                  Stevens, Sarah and
                  Takemon, Yuka and
                  Trizna, Michael and
                  Trusler, Angelique and
                  ven der Burg, Sven and
                  Via, Allegra and
                  Wilson, Greg and
                  Word, Karen},
  title        = {The Carpentries Collaborative Lesson Development Training},
  month        = dec,
  year         = 2024,
  publisher    = {Zenodo},
  version      = {v2024-12-10},
  doi          = {10.5281/zenodo.14360351},
  url          = {https://doi.org/10.5281/zenodo.14360351},
}

# Myst Markdown and Jupyter Book
@software{executable_books_community,
  author       = "{Executable Books Community}",
  title        = {Jupyter Book},
  month        = feb,
  year         = 2021,
  publisher    = {Zenodo},
  version      = {v0.10},
  doi          = {10.5281/zenodo.4539666},
  url          = {https://doi.org/10.5281/zenodo.4539666},
}

@misc{CUDA_paper,
  author={Fatica, Massimiliano},
  booktitle={2008 IEEE Hot Chips 20 Symposium (HCS)},
  title={CUDA toolkit and libraries},
  year={2008},
  pages={1-22},
  doi={10.1109/HOTCHIPS.2008.7476520},
  url={https://doi.org/10.1109/HOTCHIPS.2008.7476520},
  }
